
@article{wang2017joint,
  title={Joint Embedding of Graphs},
  author={Wang, Shangsi and Vogelstein, Joshua T and Priebe, Carey E},
  journal={arXiv preprint arXiv:1703.03862},
  year={2017}
}
