@misc{friendster,
  key={friendster},
  title={Frienster graph},
  howpublished={\url{https://archive.org/download/friendster-dataset-201107}},
  year={Accessed 4/18/2014},
}

