%%%% EXAMPLE BIB ENTRY
@misc{rolfmao,
  title={{Roflmao: Robust Oblique Forests with Linear Matrix Operations}},
  author={Tomita,Tyler},
  organization={SIAM International Conference on Data Mining},
  month={Apr},
  year={2017},
  note={{C}ontributed talk}
}
