@article{mhembere2017knor,
  title={\href{https://arxiv.org/abs/1606.08905}{knor: A NUMA-optimized In-memory, Distributed and Semi-external-memory k-means Library}},
  author={Mhembere, Disa and Zheng, Da and Priebe, Carey E and Vogelstein, Joshua T and Burns, Randal},
  year={2017}
}

@article{cshen2017,
  title = {\href{https://arxiv.org/pdf/1609.05148.pdf}{Discovering Relationships Across Disparate Data Modalities}},
  author={Shen, Cencheng AND Priebe, Carey E., AND Maggioni, Mauro AND
    Vogelstein, Joshua T.},
  year = {2017}}

@article{kiar2016sic,
	author = {Kiar, Gregory and Gorgolewski, Krzysztof J.
	and Kleissas, Dean and {Gray Roncal}, William 
	and Litt, Brian and Wandell, Brian and Poldrack, Russel A. 
	and Wiener, Martin and Vogelstein, {R. Jacob}
	and Burns, Randal and Vogelstein, Joshua T.},
	title = {\href{https://doi.org/10.1093/gigascience/gix013}{Science In the Cloud (SIC): A use case in MRI Connectomics}},
	journal={GigaScience},
	year={2017},
	volume={gix013},
	month={mar},
	doi={10.1093/gigascience/gix013}
}

@article{mhembere2017knor,
   title={\href{https://arxiv.org/abs/1606.08905}{ knor: A NUMA-optimized In-memory, Distributed and Semi-external-memory k-means Library}},
   author={Mhembere, Disa and Zheng, Da and Priebe, Carey E and Vogelstein, Joshua T and
       Burns, Randal},
   journal={The 26th International ACM Symposium on
High-Performance Parallel and Distributed Computing},
   year={2017}
}

@article{cshenMGC,
  title={\href{https://arxiv.org/abs/1703.10136}{Network Dependence
    Testing via Diffusion Maps and Distance-Based Correlations}},
  author={Lee, Youjin AND Shen, Chencheng AND Vogelstein, Joshua
    T},
  journal={Journal of the American Statistical Association},
  year={2017}
}

