@article{chen2016,
  title={\href{http://dx.doi.org/10.1016/j.patrec.2016.12.012}{An M-Estimator for Reduced-Rank High-Dimensional Linear Dynamical System Identification}},
  author={Chen, Shaojie and Liu, Kai and Yang, Yuguang and Xu, Yuting and Lee, Seonjoo and Lindquist, Martin and Caffo, Brian S and Vogelstein, Joshua T},
  journal ={Pattern Recognition Letters},
  issn = "0167-8655",
  doi = "http://dx.doi.org/10.1016/j.patrec.2016.12.012",
  year={2016}
}

@article{Binkiewicz2016,
  title={\href{https://arxiv.org/abs/1411.2158}{Covariate assisted spectral clustering}},
  author={Binkiewicz, Norbert and Vogelstein, Joshua T and Rohe, Karl},
  journal={Accepted for publication in Biometrika},
  year={2016}
}

@inproceedings{ROFLMAO,
  title={ROFLMAO: Robust Oblique Forests with Linear MAtrix Operations},
  author={Tomita, Tyler M. AND Maggioni, Mauro AND Vogelstein, Joshua T.},
  booktitle={Proceedings of the 2017 SIAM International Conference on Data Mining.},
  year={2017},
  organization={SIAM}
}

@article{vogelstein2016grand,
  title={\href{http://dx.doi.org/10.12688/f1000research.10025.1}{Grand Challenges for Global Brain Sciences}},
  author={Vogelstein, Joshua T and Amunts, Katrin and Andreou, Andreas and Angelaki, Dora and Ascoli, Giorgio and Bargmann, Cori and Burns, Randal and Cali, Corrado and Chance, Frances and Chun, Miyoung and others},
  journal={F1000Research},
  year={2016}
}

@article{neuro2016cloud,
  title={To the cloud! A grassroots proposal to accelerate brain science discovery},
  author={Neuro Cloud Consortium and others},
  journal={Neuron},
  volume={92},
  number={3},
  pages={622--627},
  year={2016},
  publisher={Elsevier}
} 

@article{simhal2016,
  title={Probabilistic Fluorescence-Based Synapse Detection},
  author={Simhal, Anish K and Aguerrebere, Cecilia and Collman, Forrest and Vogelstein, Joshua T and Micheva, Kristina D and Weinberg, Richard J and Smith, Stephen J and Sapiro, Guillermo},
  journal={arXiv preprint arXiv:1611.05479},
  year={2016}
}

@article{kiar2016,
  title={Science In the Cloud (SIC): A use case in MRI Connectomics},
  author={Kiar, Gregory and Gorgolewski, Krzysztof J and Kleissas, Dean and Roncal, William Gray and Litt, Brian and Wandell, Brian and Poldrack, Russel A and Wiener, Martin and Vogelstein, R Jacob and Burns, Randal and others},
  journal={arXiv preprint arXiv:1610.08484},
  year={2016}
}
