@article{Binkiewicz2016,
  title={\href{https://arxiv.org/abs/1411.2158}{Covariate assisted spectral clustering}},
  author={Binkiewicz, Norbert and Vogelstein, Joshua T and Rohe, Karl},
  journal={Accepted for publication in Biometrika},
  year={2016}
}

@inproceedings{ROFLMAO,
  title={ROFLMAO: Robust Oblique Forests with Linear MAtrix Operations},
  author={Tomita, Tyler M. AND Maggioni, Mauro AND Vogelstein, Joshua T.},
  booktitle={Proceedings of the 2017 SIAM International Conference on Data Mining.},
  year={2017},
  organization={SIAM}
}


@article{vogelstein2016grand,
  title={Grand Challenges for Global Brain Sciences},
  author={Vogelstein, Joshua T and Amunts, Katrin and Andreou, Andreas and Angelaki, Dora and Ascoli, Giorgio and Bargmann, Cori and Burns, Randal and Cali, Corrado and Chance, Frances and Chun, Miyoung and others},
  journal={arXiv preprint arXiv:1608.06548},
  year={2016}
}

@article{neuro2016cloud,
  title={To the cloud! A grassroots proposal to accelerate brain science discovery},
  author={Neuro Cloud Consortium and others},
  journal={Neuron},
  volume={92},
  number={3},
  pages={622--627},
  year={2016},
  publisher={Elsevier}
} 

@article{simhal2016,
  title={Probabilistic Fluorescence-Based Synapse Detection},
  author={Simhal, Anish K and Aguerrebere, Cecilia and Collman, Forrest and Vogelstein, Joshua T and Micheva, Kristina D and Weinberg, Richard J and Smith, Stephen J and Sapiro, Guillermo},
  journal={arXiv preprint arXiv:1611.05479},
  year={2016}
}

@article{kiar2016,
  title={Science In the Cloud (SIC): A use case in MRI Connectomics},
  author={Kiar, Gregory and Gorgolewski, Krzysztof J and Kleissas, Dean and Roncal, William Gray and Litt, Brian and Wandell, Brian and Poldrack, Russel A and Wiener, Martin and Vogelstein, R Jacob and Burns, Randal and others},
  journal={arXiv preprint arXiv:1610.08484},
  year={2016}
}

@misc{jovoBrown,
  title={Discovering Relationships Across Disparate Data Modalities.},
  author={Vogelstein, Joshua T.},
  organization={Brown University},
  year={2016},
  note={Invited talk},
}

@misc{TIBS,
  title={The International Brain Station},
  author={Vogelstein, Joshua T.},
  organization={Coordinating Global Brain Projects},
  month={Sep},
  year={2016},
  note={Invited talk},
}

@misc{vienna,
  title={Optimal Decisions for Discovery Science.},
  author={Vogelstein, Joshua T.},
  organization={Brainhacks Vienna},
  month={Sep},
  year={2016},
  note={Invited talk}
}

@misc{SFN1,
  title={Neuroinformatics Social},
  author={Vogelstein, Joshua T.},
  organization={SfN 2016 Annual Meeting},
  month={Nov},
  year={2016},
  note={Invited talk}
}

@misc{SFN2,
  title={Nano-Scale Neurocartography},
  author={Vogelstein, Joshua T.},
  organization={SfN 2016 Annual Meeting (Mini-Symposium)},
  month={Nov},
  year={2016},
  note={Invited talk},
}

@misc{SFN3,
  title={Neurodata.io},
  author={Lillany, Kunal},
  organization={Human Brain Project Satellite Symposium to SfN 2016.},
  month={Nov},
  year={2016},
  note={Invited talk},
}


@misc{SFNposter1,
  title={Storing and analyzing large array tomography datasets in the cloud},
  author={Baden, A. D. AND Collman, F. AND Lillany, K. AND Vogelstein,
    J. T. AND Burns, R.},
  organization={SfN 2016 Annual Meeting Poster Session},
  month={Nov},
  year={2016}
}

@misc{SFNposter2,
  title={ndparse: tools and interfaces for scalable neuroscience discovery},
  author={{Gray Roncal}, W. R. AND Matelsky, Jordan AND Pekala, M. AND
    Kleissas, D. AND Vogelstein, J. T. AND Hager, G. D.},
  organization={SfN 2016 Annual Meeting Poster Session},
  month={Nov},
  year={2016}
}

@misc{SFNposter3,
  title={Query based probabilistic synapse detection in immunofluorescence data.},
  author={Simhal, A. K. AND Agguerrebere, C. AND Collman, F. AND
    Vogelstein, J. T. AND Micheva,  K. D. AND Weinberg, R. J. AND Smith,
  S. J. AND Sapiro, G.},
  organization={SfN 2016 Annual Meeting Poster Session},
  month={Nov},
  year={2016}
}
