@Article{spielman11:_spectral,
  author = {D.~A.~Spielman and N.~Srivastava},
  title = {Graph sparsification by effective resistances}, 
  journal = {Siam Journal of Computing},
  year = {2009},
  vol = {40},
  pages = {1913--1926}
}


@Article{anderson03:_gener,
  author =		 {M.-J.~Anderson and J.~Robinson},
  title =		 {Generalized discriminant analysis based on
                  distances},
  journal =		 {Australian \& New Zealand Journal of Statistics},
  year =		 2003,
  volume =		 45,
  pages =		 {301-318}
}

@Article{Trosset2008,
  author =		 {M. W. Trosset and C. E. Priebe},
  title =		 {The out-of-sample problem for classical
                  multidimensional scaling},
  journal =		 {Computational Statistics and Data Analysis},
  year =		 2008,
  volume =		 52,
  pages =		 {4635-4642}
}


