@article{DBLP:journals/corr/ZhengMBS14,
  author    = {Da Zheng and
               Disa Mhembere and
               Randal C. Burns and
               Alexander S. Szalay},
  title     = {FlashGraph: Processing Billion-Node Graphs on an Array of Commodity
               SSDs},
  journal   = {CoRR},
  year      = {2014},
  volume    = {abs/1408.0500},
  url       = {http://arxiv.org/abs/1408.0500},
  timestamp = {Wed, 05 Nov 2014 16:24:45 +0100},
  biburl    = {http://dblp.uni-trier.de/rec/bib/journals/corr/ZhengMBS14},
  bibsource = {dblp computer science bibliography, http://dblp.org}
}
@inproceedings{cstore,
  title={Column-stores vs. row-stores: how different are they really?},
  author={Abadi, Daniel J and Madden, Samuel R and Hachem, Nabil},
  booktitle={Proceedings of the 2008 ACM SIGMOD international conference on Management of data},
  pages={967--980},
  year={2008},
  organization={ACM}
}
@misc{schelter12,
  author={S. Schelter},
  howpublished={Invited talk at GameDuell, Berlin},
  year=2012,
  title={Large Scale Graph Processing with Apache Giraph},
}


@inproceedings{pregel,
 author = {Malewicz, Grzegorz and Austern, Matthew H. and Bik, Aart J.C and Dehnert, James C. and Horn, Ilan and Leiser, Naty and Czajkowski, Grzegorz},
 title = {Pregel: A System for Large-scale Graph Processing},
 booktitle = {SIGMOD},
 year = {2010},
 pages = {135--146},
 doi = {10.1145/1807167.1807184},
} 

@article{graphlab,
 author = {Low, Yucheng and Bickson, Danny and Gonzalez, Joseph and Guestrin, Carlos and Kyrola, Aapo and Hellerstein, Joseph M.},
 title = {Distributed GraphLab: A Framework for Machine Learning and Data Mining in the Cloud},
 journal = {VLDB},
 volume = {5},
 number = {8},
 month = apr,
 year = {2012},
 pages = {716--727},
} 

@inproceedings{powergraph,
 author = {Gonzalez, Joseph E. and Low, Yucheng and Gu, Haijie and Bickson, Danny and Guestrin, Carlos},
 title = {PowerGraph: Distributed Graph-parallel Computation on Natural Graphs},
 booktitle = {Proceedings of the 10th USENIX Conference on Operating Systems Design and Implementation},
 year = {2012},
 pages = {17--30},
} 
@article{MIGRAINE,
archivePrefix = {arXiv},
arxivId = {1312.4875v1},
author = {{Gray Roncal}, William and Koterba, Zachary H. and Mhembere, Disa and Kleissas, Dean M and Vogelstein, Joshua T. and Burns, Randal and Bowles, Anita R. and Donavos, Dimitrios K. and Ryman, Sephira and Jung, Rex E. and Wu, Lei and Calhoun, Vince D. and Vogelstein, R. Jacob},
eprint = {1312.4875v1},
journal = {Global Conference on Signal and Information Processing},
title = {{MIGRAINE: MRI Graph Reliability Analysis and Inference for Connectomics}},
url = {http://arxiv.org/abs/1312.4875},
year = {2013}
}


@inproceedings{giraph,
 author = {Tasci, Serafettin and Demirbas, Murat},
 title = {Giraphx: Parallel Yet Serializable Large-scale Graph Processing},
 booktitle = {Proceedings of the 19th International Conference on Parallel Processing},
 year = {2013},
 pages = {458--469},
 doi = {10.1007/978-3-642-40047-6_47},
} 

@inproceedings{Hagberg08,
  author={Aric A. Hagberg and Daniel A. Schult and Pieter J. Swart}, 
  title={{Exploring network structure, dynamics, and function using NetworkX}}, 
  booktitle={Proceedings of SciPy2008},
  year=2008
}

@misc{igraph,
  key={igraph},
  title={The igraph library for complex network research},
  howpublished={\url{http://igraph.sourceforge.net/index.html}},
  year={Retrieved 2013},
}


@inproceedings{pearce10,
 author = {Pearce, Roger and Gokhale, Maya and Amato, Nancy M.},
 title = {Multithreaded Asynchronous Graph Traversal for In-Memory and Semi-External Memory},
 booktitle = {Supercomputing},
 year = {2010},
 doi = {10.1109/SC.2010.34},
}


@misc{SDSS-DR9,
  author={{Sloan Digital Sky Survey}},
  title={Data Release 9},
  howpublished={http://skyserver.sdss3.org/dr9/en/},
  year=2013
}

@techreport{Singh06,
  author={V. Singh and J. Gray and A.~R. Thakar and A.S. Szalay and J. Raddick and B. Boroski and S. Lebedeva and B. Yanny},
  title={SkyServer Traffic Report---The First Five Years}, 
  institution={Microsoft Technical Report},
  number={MSR-TR-2006-190},
  year=2006
}

@article{Banks09,
  author={M. Banks}, 
  title={Impact of Sky Surveys}, 
  journal={Physics World},
  pages={10},
  month=Mar,
  year=2009
}

@article{Madrid09,
  author={J.~P. Madrid and F.~D. Macchetto},
  year=2009, 
  title={High-Impact Astronomical Observatories},
  journal={Bulletin of the American Astronomical Society}, 
  volume=41,
  pages={913--914},
  number={[arXiv:0901.4552]}
}

@article{Li08,
  author={Y. Li and E. Perlman and M. Wang and Y. Yang and C. Meneveau and R. Burns and S. Chen and A. Szalay and G. Eyink. },
  title={A Public Turbulence Database Cluster and Applications to Study {Lagrangian} Evolution of Velocity Increments in Turbulence},
  journal={Journal of Turbulence},
  volume=9,
  number=31,
  pages={1--29},
  year=2008
}

@unpublished{turb,
  key={Turbulence},
  title={{The JHU Turbulence Database Cluster}},
  year={Accessed 2013},
  note={Available at \url{http://turbulence.pha.jhu.edu/}}
}

@article{McNutt08,
  author={T. McNutt and T. Nabhani and A.~S. Szalay and T. Deweese and J. Wong},  
  title={Oncospace: {EScience} Technology and Opportunities for Oncology}, 
  journal={Medical Physics}, 
  volume=35, 
  number=2900,
  year=2008
}

@techreport{life-tech,
title = {{Life Under your Feet: An End-to-End Soil Ecology Sensor
                  Network, Database, Web Server, and Analysis
                  Service}},
 author = {K. Szlavecz and A. Terzis and R.
                  Mus\u{a}loiu-E. and J. Cogan and S. Small and
                  S. Ozer and R. Burns and J. Gray},
 year = 2006,
 month = Jun,
 institution =  {Microsoft Research},
 number = "MSR-TR-2006-90"
}

@inproceedings{Burns13,
  author={R. Burns and W. Gray Roncal and D. Kleissas and K. Lillaney and P. Manavalan and E. Perlman and D. Berger and D.~D. Bock and K. Chung and K. Deisseroth and L. Grosenick and N. Kasthuri and M. Kazhdan and J. Lichtman and R.~C. Reid and A.~S. Szalay and J.~T. Vogelstein and R.~J. Vogelstein},
  title={The {Open Connectome Project} Data Cluster: Scalable Analysis and Vision for High-Throughput Neuroscience},
  booktitle={Scientific and Statistical Databases Management Conference},
  year=2013
}

@article{Heasley07,
  author={J.~N. Heasley  and M. Nieto-Santisteban and A.~S. Szalay and A. Thakar},
  title={The {Pan-STARRS} Object Data Manager Database}, 
  journal={Bulletin of the American Astronomical Society},
  volume=38,  
  number=124,
  year=2007
}

@inproceedings{Becla06,
  author={J. Becla and A. Hanushevsky and S. Nikolaev and G. Abdulla and A.~S. Szalay and M. Nieto-Santisteban and A. Thakar and J. Gray},
  title={Designing a multi-petabyte database for LSST},
  booktitle={Proceedings of the SPIE}, 
  volume=6270,
  pages={62700R},
  year=2006
}

@article{edr,
  author={C. {Stoughton et al.}},
  title={SLOAN DIGITAL SKY SURVEY: EARLY DATA RELEASE},
  journal={The Astronomical Journal},
  volume={123},
  pages={485-548},
  year=2002
}


@phdthesis{Zhang11,
  author={J. Zhang},
  title={Data use and access behavior in {eScience}: exploring data practices in the new data-intensive science paradigm},
   year=2011,
   school={Drexel University},
}

@inproceedings{Preissl12,
  author={R. Preissl and T.~M. Wong and P. Datta and M. Flickner and R. Singh and S.~K. Esser and W.~P. Risk and H.~D. Simon and D.~S. Modha}, 
  title={Compass: A Scalable Simulator for an Architecture for Cognitive Computing},
  booktitle={Supercomputing},
  year=2012
}

@article{Saalfeld09,
  title={{CATMAID}: collaborative annotation toolkit for massive amounts of image data},
  author={S. Saalfeld and A. Cardona and V. Hartenstein and P. Tomanc\'ak},
  journal={Bioinformatics},
  year=2009,
  volume=25,
  number=15
}

@article{Micheva07,
  author={K.~D. Micheva and S.~J. Smith},
  year=2007,
  title={Array tomography: A new tool for imaging the molecular architecture and ultrastructure of neural circuits},
  journal={Neuron},
  volume=55,
  pages={25--36},
}

@inproceedings{Soroush11,
  title={ArrayStore: A Storage Manager for Complex Parallel Array Processing},
  author={E. Soroush and M. Balazinska and D. Wang},
  booktitle={SIGMOD},
  year=2011
}

@inproceedings{Perlman07,
  author={E. Perlman and R. Burns and Y. Li and C. Meneveau},
  title={Data Exploration of Turbulence Simulations using a Database Cluster},
  booktitle={Supercomputing},
  year=2007
}

@article{moon01,
  Author = {B. Moon and H.~V. Jagadish and C. Faloutsos and J.~H. Saltz},
  Journal = {IEEE Transactions on Knowledge and Data Engineering},
  Number = {1},
  Title = {Analysis of the Clustering Properties of the {Hilbert} Space-Filling Curve},
  Volume = {13},
  Year = {2001}}

@inproceedings{Kanov12,
  author={ K. Kanov and R. Burns and G. Eyink and C. Meneveau and A. Szalay},
  title={Data-Intensive Spatial Filtering in Large Numerical Simulation Datasets},
  booktitle={Supercomputing},
  year=2012
}

@inproceedings{Crow84,
  author={F. Crow},
  year=1984,
  title={Summed-area tables for texture mapping},
  booktitle={SIGGRAPH}
}

@inproceedings{Kanov11,
  author={K. Kanov and E. Perlman and R. Burns and Y. Ahmad and A. Szalay},
  title={{I/O} Streaming Evaluation of Batch Queries for Data-Intensive Computational Turbulence},
  booktitle={Supercomputing},
  year=2011
}

@article{Chung13,
  author={K. {Chung et al.}},
  title={Structural and molecular interrogation of intact biological systems},
  journal={Nature},
  year=2013,
  volume=497,
  pages={332-–337}
}

@inproceedings{c-store,
  title={C-Store: A Column Oriented DBMS},
  author={M. Stonebraker and D. Abadi and A. Batkin and X. Chen and M. Cherniackand M. Ferreira and E. Lau and A. Lin and S. Madden and E. O'Neil and P. O'Neil and A. Rasin and N. Tran and Stan Zdonik},
  booktitle={Very Large Databases},
  pages={553--564},
  year=2005
} 

@inproceedings{Abadi08,
  author={D.~J. Abadi and S.~R. Madden and N. Hachem},
  title={Column-Stores vs. Row-Stores: How different are they really?},
  booktitle={SIGMOD},
  year=2008
}

@inproceedings{bigtable,
 author = {Chang, F. and Dean, J. and Ghemawat, S. and Hsieh, W.~C. and Wallach, D.~A. and Burrows, M. and Chandra, T. and Fikes, A. and Gruber, R.~E.},
 title = {Bigtable: a distributed storage system for structured data},
 booktitle = {Symposium on Operating Systems Design and Implementation},
 year = {2006},
} 

@InProceedings{ barrelfish,
  title = "The multikernel: a new {OS} architecture for scalable multicore systems",
  author = "A. Baumann and P. Barham and P.~E. Dagand and T. Harris and R. Isaacs and S. Peter and T. Roscoe and A. Schüpbach and A. Singhania",
  year = "2009",
  booktitle = "Symposium on Operating Systems Principles", 
}

@inproceedings{Foster11,
  title={Reliable high-performance data transfer via Globus Online Accomplishments of the Center for Enabling Distributed Petascale Science},
  author={I. {Foster et al.}},
  year=2011,
  booktitle={Scientific Discovery through Advanced Computing Program (SciDAC)}
}

@article{Fielding02,
  author={R.~T. Fielding and R. Taylor and  N. Richard},
  year={2002},
  title="Principled Design of the Modern {Web} Architecture",
  journal={ACM Transactions on Internet Technology},
  volume=2,
  number=2,
}

@article{RhoanaPreprint,
  title = "Large-Scale Automatic Reconstruction of Neuronal Processes from Electron Microscopy Images",
  author = "V. Kaynig and A. Vazquez-Reina and S. Knowles-Barley and M. Roberts and T. R. Jones and N. Kasthuri and R. Miller and J. Lichtman and H. Pfister",
  year = {2013},
  journal={Under Review}
}


@article{Helmstaedter2011,
  title={High-accuracy neurite reconstruction for high-throughput neuroanatomy},
  author={Helmstaedter, Moritz and Briggman, Kevin L and Denk, Winfried},
  journal={Nature neuroscience},
  volume={14},
  number={8},
  pages={1081--1088},
  year={2011},
  publisher={Nature Publishing Group}
}

@article{beyer2013connectomeexplorer,
  title={ConnectomeExplorer: Query-Guided Visual Analysis of Large Volumetric Neuroscience Data},
  author={Beyer, Johanna and Al-Awami, Ali and Kasthuri, Narayanan and Lichtman, Jeff W and Pfister, Hanspeter and Hadwiger, Markus},
  journal={Visualization and Computer Graphics, IEEE Transactions on},
  volume={19},
  number={12},
  pages={2868--2877},
  year={2013},
  publisher={IEEE}
}

@article{beyer2013exploring,
  title={Exploring the connectome: Petascale volume visualization of microscopy data streams},
  author={Beyer, Johanna and Hadwiger, Markus and Al-Awami, Ali and Jeong, Won-Ki and Kasthuri, Narayanan and Lichtman, Jeff W and Pfister, Hanspeter},
  journal={Computer Graphics and Applications, IEEE},
  volume={33},
  number={4},
  pages={50--61},
  year={2013},
  publisher={IEEE}
}

@article{hadwiger2012interactive,
  title={Interactive Volume Exploration of Petascale Microscopy Data Streams Using a Visualization-Driven Virtual Memory Approach},
  author={Hadwiger, Markus and Beyer, Johanna and Jeong, Won-Ki and Pfister, Hanspeter},
  journal={Visualization and Computer Graphics, IEEE Transactions on},
  volume={18},
  number={12},
  pages={2285--2294},
  year={2012},
  publisher={IEEE}
}

@incollection{mojo,
  title={Neural process reconstruction from sparse user scribbles},
  author={Roberts, Mike and Jeong, Won-Ki and V{\'a}zquez-Reina, Amelio and Unger, Markus and Bischof, Horst and Lichtman, Jeff and Pfister, Hanspeter},
  booktitle={Medical Image Computing and Computer-Assisted Intervention--MICCAI 2011},
  pages={621--628},
  year={2011},
  publisher={Springer}
}

@article{lecun1998gradient,
  title={Gradient-based learning applied to document recognition},
  author={LeCun, Yann and Bottou, L{\'e}on and Bengio, Yoshua and Haffner, Patrick},
  journal={Proceedings of the IEEE},
  volume={86},
  number={11},
  pages={2278--2324},
  year={1998},
  publisher={IEEE}
}

@inproceedings{liu2012watershed,
  title={Watershed merge tree classification for electron microscopy image segmentation},
  author={Liu, Ting and Jurrus, Elizabeth and Seyedhosseini, Mojtaba and Ellisman, Mark and Tasdizen, Tolga},
  booktitle={Pattern Recognition (ICPR), 2012 21st International Conference on},
  pages={133--137},
  year={2012},
  organization={IEEE}
}
@incollection{andres2008segmentation,
  title={Segmentation of SBFSEM volume data of neural tissue by hierarchical classification},
  author={Andres, Bj{\"o}rn and K{\"o}the, Ullrich and Helmstaedter, Moritz and Denk, Winfried and Hamprecht, Fred A},
  booktitle={Pattern recognition},
  pages={142--152},
  year={2008},
  publisher={Springer}
}


@article{Kreshuk11,
  author={A. Kreshuk and C.~N. Straehle and C. Sommer and U. Koethea and M. Cantoni and G. Knott and F.~A.  Hamprecht}, 
  title={Automated detection and segmentation of synaptic contacts in nearly isotropic serial electron microscopy images},
  journal={PLoS One},
  volume=6,
  number=10,
  year=2011
}

@article{Becker12,
  author={C. Becker and K. Ali and G. Knott and and P. Fua}, 
  title={Learning context cues for synapse segmentation in EM volumes},
  journal={Int. Conf. Med. Image Comput. Comput. Interv.},
  volume=15,
  number={Pt 1}, 
  pages={585--92}, 
  year=2012
}

@inproceedings{Kleissas13,
  author={D.~M. Kleissas and W. Gray Roncal and P. Manavalan and J.~T. Vogelstein  and D.~D. Bock and R. Burns and R.~J. Vogelstein},
  year=2013,
  title={Large-Scale Synapse Detection Using {CAJAL3D}},
  booktitle={Conference Abstract: Neuroinformatics},
  howpublished={doi: 10.3389/conf.fninf.2013.09.00037},
}


@article{loni,
  author={I. Dinov and J.~D. Van Horn and K.~M. Lozev and R. Magsipoc  and P. Petrosyan and Z. Liu and A. MacKenzie-Graham  and P.Eggert and D.~S. Parker and A.~W. Toga},
  year=2009,
  title={Efficient, Distributed and Interactive Neuroimaging Data Analysis using the {LONI} Pipeline},
  journal={Front. Neuroinform.},
  volume=3,
  number=22,
  pages={1--10},
  howpublished={doi:10.3389/neuro.11.022.2009}
}

@article{imglib2,
  author={ T. Pietzsch and S. Preibisch and P. Tomančák and S. Saalfeld},
  title={{ImgLib2}--generic image processing in {Java}}, 
  journal={Bioinformatics},
  year=2012,
  volume=28,
  number=22, 
  pages={3009--3011},
  howpublished={doi:10.1093/bioinformatics/bts543}
}

@article{Raddick10,
  author={M.~J. Raddick and A.~S. Szalay},
  title={The Universe Online},
  journal={Science},
  volume=329,
  number=5995,
  pages={1028--1029},
  year=2010,
}

@misc{Michaels08,
  author={S. Michaels and A.~W. Shouse and H.~A. Schweingruber},
  title={{Ready, Set, Science!}: Putting Research to Work in {K--12} Classrooms},
  howpublished={National Academies Press, Washington, DC},
  year=2008,
}

@inproceedings{Zheng13,
  author={D. Zheng and  R. Burns and A.~S. Szalay},
  title={Toward Millions of File-System {IOPS} on Low-Cost, Commodity Hardware},
  booktitle={Supercomputing},
  year=2013,
}

@article{Takemura13,
  title={A visual motion detection circuit suggested by {Drosophila} connectomics},
  author={S.-Y. {Takemura et al.}},
  journal={Nature},
  volume=500,
  number=7461, 
  pages={175--181},
  year=2013
}

@article{INCFdataspaces,
  title={Data sharing in neuroimaging research},
  year=2012,
  author={J.-B. {Poline et al.}},
  journal={Frontiers in Neuroinformatics},
  volume=6,
  number=9
}

@article{TrakEM2,
  author={A. Cardona and S. Saalfeld and J. Schindelin and I. Arganda-Carreras and S. Preibisch and M. Longair and P. Tomancak and V. Hartenstein and R.~J. Douglas},
  year=2012,
  title={{TrakEM2} Software for Neural Circuit Reconstruction},
  journal={PLoS ONE},
  volume=7,
  number=6
}

@inproceedings{arc,
  title="{ARC}: {A} Self-Tuning, Low Overhead Replacement Cache",
  author="N. Megiddo and D. Modha",
  booktitle="Conference on File and Storage Technologies",
  year="2003"
}

@article{memcached,
  title={Distributed caching with memcached},
  author={B. Fitzpatrick},
  journal={Linux Journal},
  volume=2004,
  number=124,
  year=2004
}

@misc{SDSS,
 key = "SDSS",
 title = {{The Sloan Digital Sky Survey}},
 note = {Available at \url{http://www.sdss.org/}},
 year = 2013
}

@inproceedings{Crankshaw13,
  author={D. Crankshaw and B. Falck and A.~S. Szalay and R. Burns and T. Budav\'ari and J. Wang},
  title={Inverted Indices for Particle Tracking in Petascale Cosmological Simulations},
  booktitle={Scientific and Statistical Databases Management Conference},
  year=2013
} 


@article{Lumsdaine07,
 author={Andrew Lumsdaine and Douglas Gregor and Bruce Hendrickson and Jonathan W. Berry},
 title={Challenges in Parallel Graph Processing},
 journal={Parallel Processing Letters},
 volume=17,
 number=1,
 pages={5--20},
 year=2007
}

@inproceedings{Hendrickson09,
  author={Bruce Hendrickson},
  title={Data Analytics and High Performance Computing: When Worlds Collide},
  year=2009,
  booktitle={Los Alamos Computer Science Symposium}
}

@misc{fusion,
  key={fusion},
  title={{Fusion-IO ioDrive Octal}},
  howpublished={\url{http://www.fusionio.com/platforms/iodrive-octal/}},
  year={Accessed 3/11/2013},
}

@misc{ivoa,
  key={ivoa},
  title={{International Virtual Observatory Alliance}}, 
  howpublished={\url{http://ivoa.net/}},
  year=2013
}

@misc{vao,
  key={vao},
  title={{US Virtual Astronomy Observatory}}, 
  howpublished={\url{http://usvao.org/}},
  year=2013
}

@misc{millenium,
  key={millenium},
  title={Millennium Simulation Database}, 
  howpublished={\url{http://gavo.mpa-garching.mpg.de/Millennium/}},
  year=2013
}

@misc{hipacc,
  key={hipacc},
  title={{HIPACC} Summer School on {AstroInformatics}},
  howpublished={\url{http://hipacc.ucsc.edu/ISSAC2012.html}},
  year=2013
}

@book{mpi,
  author={W. Gropp and E. Lusk and A. Skjellum},
  year=1999,
  title={Using MPI, 2nd Edition: Portable Parallel Programming with the Message Passing Interface},
  publisher={MIT Press Scientific And Engineering Computation Series},
}

@article{adhd200,
  author={{ADHD Consortium}},
  title={The ADHD-200 Consortium: A Model to Advance the Translational Potential of Neuroimaging in Clinical Neuroscience},
  journal={Front. Syst. Neuroscience},
  volume=6,
  number=62,
  year=2012
}

@inproceedings{Funke2012,
author = {Funke, J. and Andres, B. and Hamprecht, F. a. and Cardona, A. and Cook, M.},
booktitle = {2012 IEEE Conference on Computer Vision and Pattern Recognition},
doi = {10.1109/CVPR.2012.6247777},
file = {:Users/graywr1/Mendeley/Funke et al.\_2012\_Efficient automatic 3D-reconstruction of branching neurons from EM data.pdf:pdf;:Users/graywr1/Mendeley/Funke et al.\_2012\_Efficient automatic 3D-reconstruction of branching neurons from EM data(2).pdf:pdf},
isbn = {978-1-4673-1228-8},
mendeley-groups = {EMC Image Grammar,SynapsePaper,Synapse Detection},
month = jun,
pages = {1004--1011},
publisher = {IEEE},
title = {{Efficient automatic 3D-reconstruction of branching neurons from EM data}},
url = {http://ieeexplore.ieee.org/lpdocs/epic03/wrapper.htm?arnumber=6247777},
year = {2012}
}

@article{Mishchenko2009,
abstract = {We describe an approach for automation of the process of reconstruction of neural tissue from serial section transmission electron micrographs. Such reconstructions require 3D segmentation of individual neuronal processes (axons and dendrites) performed in densely packed neuropil. We first detect neuronal cell profiles in each image in a stack of serial micrographs with multi-scale ridge detector. Short breaks in detected boundaries are interpolated using anisotropic contour completion formulated in fuzzy-logic framework. Detected profiles from adjacent sections are linked together based on cues such as shape similarity and image texture. Thus obtained 3D segmentation is validated by human operators in computer-guided proofreading process. Our approach makes possible reconstructions of neural tissue at final rate of about 5 microm3/manh, as determined primarily by the speed of proofreading. To date we have applied this approach to reconstruct few blocks of neural tissue from different regions of rat brain totaling over 1000microm3, and used these to evaluate reconstruction speed, quality, error rates, and presence of ambiguous locations in neuropil ssTEM imaging data.},
author = {Mishchenko, Yuriy},
doi = {10.1016/j.jneumeth.2008.09.006},
file = {:Users/graywr1/Mendeley//Mishchenko\_2009\_Automation of 3D reconstruction of neural tissue from large volume of conventional serial section transmission electron.pdf:pdf},
issn = {0165-0270},
journal = {Journal of neuroscience methods},
keywords = {Animals,Automation,Automation: methods,Axons,Axons: ultrastructure,Electron,Imaging,Microscopy,Neurons,Neurons: ultrastructure,Three-Dimensional,Three-Dimensional: methods,Transmission,Transmission: instrumentatio,Transmission: methods},
mendeley-groups = {EMC Image Grammar,NeuralCircuits2012,9.691 Mischenko},
month = jan,
number = {2},
pages = {276--89},
pmid = {18834903},
title = {{Automation of 3D reconstruction of neural tissue from large volume of conventional serial section transmission electron micrographs}},
url = {http://www.pubmedcentral.nih.gov/articlerender.fcgi?artid=2948845\&tool=pmcentrez\&rendertype=abstract},
volume = {176},
year = {2009}
}

@article{Zhu2006a,
author = {Zhu, Song-Chun and Mumford, David},
doi = {10.1561/0600000018},
file = {:Users/graywr1/Mendeley/Zhu, Mumford\_2006\_A Stochastic Grammar of Images(2).pdf:pdf},
issn = {1572-2740},
journal = {Foundations and Trends in Computer Graphics and Vision},
mendeley-groups = {EMC Image Grammar},
number = {4},
pages = {259--362},
title = {{A Stochastic Grammar of Images}},
url = {http://www.nowpublishers.com/product.aspx?product=CGV\&doi=0600000018},
volume = {2},
year = {2006}
} 

@article{Zhu2012,
abstract = {In this paper, we propose a Hierarchical Image Model (HIM) which parses images to perform segmentation and object recognition. The HIM represents the image recursively by segmentation and recognition templates at multiple levels of the hierarchy. This has advantages for representation, inference, and learning. First, the HIM has a coarse-to-fine representation which is capable of capturing long-range dependency and exploiting different levels of contextual information (similar to how natural language models represent sentence structure in terms of hierarchical representations such as verb and noun phrases). Second, the structure of the HIM allows us to design a rapid inference algorithm, based on dynamic programming, which yields the first polynomial time algorithm for image labeling. Third, we learn the HIM efficiently using machine learning methods from a labeled data set. We demonstrate that the HIM is comparable with the state-of-the-art methods by evaluation on the challenging public MSRC and PASCAL VOC 2007 image data sets.},
author = {Zhu, Long Leo and Chen, Yuanhao and Lin, Yuan and Lin, Chenxi and Yuille, Alan},
doi = {10.1109/TPAMI.2011.160},
file = {:Users/graywr1/Mendeley/Zhu et al.\_2012\_Recursive segmentation and recognition templates for image parsing.pdf:pdf},
issn = {1939-3539},
journal = {IEEE transactions on pattern analysis and machine intelligence},
mendeley-groups = {EMC Image Grammar},
month = feb,
number = {2},
pages = {359--71},
pmid = {22193662},
title = {{Recursive segmentation and recognition templates for image parsing.}},
url = {http://www.ncbi.nlm.nih.gov/pubmed/22193662},
volume = {34},
year = {2012}
}

@article{Girshick2011a,
annote = {Grammar evaluated on PASCAL dataset
This paper also used a baseline detector and then showed improvement},
author = {Girshick, RB},
file = {:Users/graywr1/Mendeley/Girshick\_2011\_Object detection with grammar models.pdf:pdf},
journal = {Advances in Neural Information Processing Systems\ldots},
mendeley-groups = {EMC Image Grammar,Dictionary Learning,\_Grammar Papers},
pages = {1--9},
title = {{Object detection with grammar models}},
url = {http://machinelearning.wustl.edu/mlpapers/paper\_files/NIPS2011\_0329.pdf},
year = {2011}
}

@article{Sommer2011,
author = {Sommer, Christoph and Straehle, Christoph and Koethe, Ullrich and Hamprecht, Fred},
journal = {8th IEEE International Symposium on Biomedical Imaging (ISBI 2011)},
mendeley-groups = {NeuralCircuits2012,Final 1-page},
title = {{ilastik: Interactive Learning and Segmentation Toolkit}},
year = {2011}
}

@article{White1986,
  author={White, J. G. and Southgate, E. and Thomson, J. N. and Brenner, S.},
  year=1986, 
  title={The Structure of the Nervous System of the {Nematode Caenorhabditis elegans}},
  journal={Philosophical Transactions of the Royal Society B: Biological Sciences},
  volume=314,
  number=1165,
  pages={1--340},
}

@article{Bock11,
 author={D.~D. Bock and   W.-C. Allen Lee and  A.~M. Kerlin and  M.~L. Andermann and  G. Hood and  A.~W. Wetzel and  S. Yurgenson and  E.~R. Soucy and H.~S. Kim  and R.~C. Reid},
 title={Network anatomy and in vivo physiology of visual cortical neurons},
 journal={Nature},
 volume=471,
 number=7337,
 year=2011
}

@misc{Jones2001,
author = {Jones, Eric and Oliphant, Travis and {Peterson et al.}, Pearu},
title = {{Scipy: Open source scientific tools for Python}},
url = {http://www.scipy.org},
year = {2001}
}

@article{Zalesky2012,
author = {Zalesky, Andrew and Solowij, Nadia and Y\"{u}cel, Murat and Lubman, Dan I and Takagi, Michael and Harding, Ian H and Lorenzetti, Valentina and Wang, Ruopeng and Searle, Karissa and Pantelis, Christos and Seal, Marc},
doi = {10.1093/brain/aws136},
issn = {1460-2156},
journal = {Brain : a journal of neurology},
month = jul,
number = {Pt 7},
pages = {2245--55},
pmid = {22669080},
title = {{Effect of long-term cannabis use on axonal fibre connectivity.}},
url = {http://www.ncbi.nlm.nih.gov/pubmed/22669080},
volume = {135},
year = {2012}
}

@InProceedings{Schmuck02,
  author =       {F.~Schmuck and R.~Haskin},
  title =        {{GPFS}: A Shared-Disk File System for Large
                  Computing Clusters},
  booktitle =    {Conference on File and Storage
                  Technologies ({FAST})},
  year =         2002,
}

@inproceedings{Ghemawat03,
  author={S. Ghemawat and H. Gobioff and S.-T. Leung},
  title={The {Google} file system},
  booktitle={SOSP},
  year= 2003
}




