@book{Bollobas1998b,
  title={Random graphs},
  author={Bollob{\'a}s, B{\'e}la},
  year={1998},
  publisher={Springer}
}
@ARTICLE{Airoldi2008,
  author =     {E. M.~Airoldi and D. M.~Blei and S. E.~Fienberg and
                  E. P.~Xing},
  title =    {{Mixed membership stochastic blockmodels}},
  journal =    {The Journal of Machine Learning Research},
  year =     {2008},
  volume =     {9},
  pages =    {1981--2014},
}
@PhdThesis{Nickel06,
  author =     {C.~L.~M.~Nickel},
  title =    {Random dot product graphs: A model for social
                  networks},
  school =     {Johns Hopkins University},
  year =     2006
}
@Unpublished{Lyzinski13c,
	author =			 {V.~Lyzinski and D.~L.~Sussman and M.~Tang and A.~Athreya and C.~E.~Priebe},
	title =				 {Perfect clustering for stochastic blockmodel graphs via adjacency spectral embedding},
	note =				 {arXiv preprint.},
	year =				 2013
}
@Unpublished{Tang14b,
  author =     {M.~Tang and A.~Athreya and D.~L.~Sussman and
                  V.~Lyzinski and C.~E.~Priebe},
  title =    {A semiparametric two-sample hypothesis testing problem for random dot product graphs}, 

  note =     {arXiv
                  preprint. \url{http://arxiv.org/abs/1403.7249}},
  year =     2014
}
@ARTICLE{Fjallstrom1998,
  author = {P.~Fjallstrom},
  title = {{Algorithms for graph partitioning: A survey}},
  journal = {Computer and Information Science},
  year = {1998},
  volume = {3},
  number = {10},
  keywords = {consistency, rdpg}
}
@article{VonLuxborg2007,
  title={A tutorial on spectral clustering},
  author={Von Luxburg, Ulrike},
  journal={Statistics and computing},
  volume={17},
  number={4},
  pages={395--416},
  year={2007},
  publisher={Springer}
}
@book{West2001,
  title={Introduction to graph theory},
  author={West, Douglas Brent and others},
  volume={2},
  year={2001},
  publisher={Prentice hall Upper Saddle River}
}
@book{Chung1997,
  title={Spectral graph theory},
  author={Chung, Fan RK},
  volume={92},
  year={1997},
  publisher={American Mathematical Soc.}
}
@book{Bollobas2004,
  title={Extremal graph theory},
  author={Bollob{\'a}s, B{\'e}la},
  year={2004},
  publisher={Courier Dover Publications}
}
@InProceedings{Young2007,
  title =    {Random dot product graph models for social networks},
  author =     {S.~Young and E.~Scheinerman},
  booktitle =    {Proceedings of the 5th international conference on algorithms and models for the web-graph},
  pages =    {138--149},
  year =     2007,
}
@Article{Conte04,
  author =     {D.~Conte and P.~Foggia and C.~Sansone and M.~Vento},
  title =    {Thirty years of graph matching in pattern
                  recognition},
  journal =    {International Journal of Pattern Recognition and
                  Artificial Intelligence},
  year =     2004,
  volume =     18,
  pages =    {265--298}
}
@article{Spielman11,
  title={Spectral sparsification of graphs},
  author={Spielman, Daniel A and Teng, Shang-Hua},
  journal={SIAM Journal on Computing},
  volume={40},
  number={4},
  pages={981--1025},
  year={2011},
  publisher={SIAM}
}