@misc{SFNposter1,
  title={Storing and analyzing large array tomography datasets in the cloud},
  author={Baden, A. D. AND Collman, F. AND Lillany, K. AND Vogelstein,
    J. T. AND Burns, R.},
  organization={SfN 2016 Annual Meeting Poster Session},
  month={Nov},
  year={2016}
}

@misc{SFNposter2,
  title={ndparse: tools and interfaces for scalable neuroscience discovery},
  author={{Gray Roncal}, W. R. AND Matelsky, Jordan AND Pekala, M. AND
    Kleissas, D. AND Vogelstein, J. T. AND Hager, G. D.},
  organization={SfN 2016 Annual Meeting Poster Session},
  month={Nov},
  year={2016}
}

@misc{SFNposter3,
  title={Query based probabilistic synapse detection in immunofluorescence data.},
  author={Simhal, A. K. AND Agguerrebere, C. AND Collman, F. AND
    Vogelstein, J. T. AND Micheva,  K. D. AND Weinberg, R. J. AND Smith,
  S. J. AND Sapiro, G.},
  organization={SfN 2016 Annual Meeting Poster Session},
  month={Nov},
  year={2016}
}
