@article{mhembere2017knor,
  title={\href{https://arxiv.org/abs/1606.08905}{knor: A NUMA-optimized In-memory, Distributed and Semi-external-memory k-means Library}},
  author={Mhembere, Disa and Da Zheng, Carey E and Vogelstein, Joshua T and Burns, Randal},
  year={2017}
}
