@misc{jovoBrown,
  title={Discovering Relationships Across Disparate Data Modalities.},
  author={Vogelstein, Joshua T.},
  organization={Brown University},
  year={2016},
  note={Invited talk},
}

@misc{TIBS,
  title={The International Brain Station},
  author={Vogelstein, Joshua T.},
  organization={Coordinating Global Brain Projects},
  month={Sep},
  year={2016},
  note={Invited talk},
}

@misc{vienna,
  title={Optimal Decisions for Discovery Science.},
  author={Vogelstein, Joshua T.},
  organization={Brainhacks Vienna},
  month={Sep},
  year={2016},
  note={Invited talk}
}

@misc{SFN1,
  title={Neuroinformatics Social},
  author={Vogelstein, Joshua T.},
  organization={SfN 2016 Annual Meeting},
  month={Nov},
  year={2016},
  note={Invited talk}
}

@misc{SFN2,
  title={Nano-Scale Neurocartography},
  author={Vogelstein, Joshua T.},
  organization={SfN 2016 Annual Meeting (Mini-Symposium)},
  month={Nov},
  year={2016},
  note={Invited talk},
}

@misc{SFN3,
  title={Neurodata.io},
  author={Lillany, Kunal},
  organization={Human Brain Project Satellite Symposium to SfN 2016.},
  month={Nov},
  year={2016},
  note={Invited talk},
}
