%%%% EXAMPLE BIB ENTRY
@misc{talkbymein2017,
  title={\href{https://siam.org}{Talk with a cool title}},
  author={Vogelstein, Joshua T.},
  organization={SIAM, JSM, NIPS, ???},
  month={Jan},
  year={2017}
}
