%%%% EXAMPLE BIB ENTRY
@misc{posterbyme2017,
  title={\href{https://www.lucidchart.com}{Poster with a cool title}},
  author={Vogelstein, Joshua T.},
  organization={SIAM, JSM, NIPS, ???},
  month={Jan},
  year={2017}
}
