%%% EXAMPLE BIB ENTRY
@article{citeme2017,
  title={\href{https://arxiv.org}{Paper with a cool title}},
  author={Vogelstein, Joshua T.},
  year={2017}
}
