@article{priebe2017semiparametric,
  title={\href{https://arxiv.org/abs/1705.03297}{Semiparametric spectral modeling of the Drosophila connectome}},
  author={Priebe, Carey E and Park, Youngser and Tang, Minh and Athreya, Avanti and Lyzinski, Vince and Vogelstein, Joshua T and Qin, Yichen and Cocanougher, Ben and Eichler, Katharina and Zlatic, Marta and others},
  journal={arXiv preprint arXiv:1705.03297},
  year={2017}
}

@article{fiadpr12,
    Author = {Fishkind, D.E. and Adali, S. and Patsolic, H.G. and
            Meng, L. and Lyzinski, V. and Priebe, C.E.},
    Journal={arXiv preprint arXiv:1209.0367},
    Title={\href{https://arxiv.org/abs/1209.0367}{Seeded Graph Matching}},
    Year={2017}}

@article{vnsgm,
    Author={Patsolic, H.G. and Park, Y. and Lyzinski, V. and Priebe, C.E.},
    Journal={arXiv preprint arXiv:1705.00674},
    Title={\href{https://arxiv.org/abs/1705.00674}{Vertex Nomination Via Local Neighborhood Matching}},
    Year={2017}}
