%%%% EXAMPLE BIB ENTRY
%@misc{jovo,
%  title={Challenges and Opportunities in Big Data for Neuroscientists},
%  author={Vogelstein, Joshua T},
%  organization={Society for Neuroscience DC Metro Area Chapter Annual
%    Meeting},
%  month={May},
%  year={2017},
%  note={Keynote Address}
%}
