%% This BibTeX bibliography file was created using BibDesk.
%% http://bibdesk.sourceforge.net/


%% Created for Youngser Park at 2016-02-01 08:23:26 -0500 


%% Saved with string encoding Unicode (UTF-8) 



@book{lyzinski2015graph,
	Author = {V. Lyzinski and D. Fishkind and M. Fiori and J. T. Vogelstein and C. E. Priebe and G. Sapiro},
	Publisher = {IEEE {Transactions} on {Pattern} {Analysis} and {Machine} {Intelligence}, accepted for publication},
	Title = {Graph Matching: Relax at Your Own Risk},
	Year = 2015}

@article{kasthuri2015saturated,
	Author = {N. Kasthuri and K. J. Hayworth and D. R. Berger and R. L. Schalek and J. A. Conchello and S. Knowles-Barley and D. Lee and A. Vï¿½zquez-Reina and V. Kaynig and T. R. Jones and M. Roberts and J. L. Morgan and J. C. Tapia and H. S. Seung and W. G. Roncal and J. T. Vogelstein and R. Burns and D. L. Sussman and C. E. Priebe and H. Pfister and J. W. Lichtman},
	Journal = {Cell},
	Number = {3},
	Pages = {648--661},
	Title = {Saturated Reconstruction of a Volume of Neocortex},
	Volume = {162},
	Year = 2015}

@book{lyzinski2015community,
	Author = {Vince Lyzinski and Minh Tang and Avanti Athreya and Youngser Park and Carey E. Priebe},
	Publisher = {submitted},
	Title = {Community Detection and Classification in Hierarchical Stochastic Blockmodels},
	Year = 2015}

@book{zheng2014flashgraph,
	Author = {Da Zheng and Disa Mhembere and Randal Burns and Joshua Vogelstein and Carey E. Priebe and Alexander S. Szalay},
	Publisher = {submitted},
	Title = {FlashGraph: Processing Billion-Node Graphs on an Array of Commodity {SSDs}},
	Year = 2014}
